% Encoding: UTF-8


@Misc{asu,
 title = {[Электронный ресурс] АлтГУ - Алтайский Государственный Университет},
 url = {https://www.asu.ru},
 urldate = {2022-06-09}
}

@Misc{asuProgrammer,
 title = {[Электронный ресурс] АлтГУ - Инструкция по охране труда для программиста},
 url = {https://www.asu.ru/search/documents/25538/},
 urldate = {2022-06-09}
}

@Misc{wikiWindows,
 title = {[Электронный ресурс] Microsoft Windows - Wikipedia},
 url = {https://en.wikipedia.org/wiki/Microsoft_Windows},
 urldate = {2022-06-09}
}

@Misc{ubuntu,
 title = {[Электронный ресурс] Enterprise Open Source and Linux | Ubuntu},
 url = {https://ubuntu.com/},
 urldate = {2022-06-09}
}

@Misc{powershell,
 title = {[Электронный ресурс] PowerShell Documentation - PowerShell | Microsoft Docs},
 url = {https://docs.microsoft.com/en-us/powershell/},
 urldate = {2022-06-09}
}
@Misc{memtest,
 title = {[Электронный ресурс] MemTest86 - Official Site of the x86 Memory Testing Tool},
 url = {https://www.memtest86.com/},
 urldate = {2022-06-09}
}
@Misc{mhdd,
 title = {[Электронный ресурс] MHDD},
 url = {http://hddguru.com/software/2005.10.02-MHDD/},
 urldate = {2022-06-09}
}
@Misc{smart,
 title = {[Электронный ресурс] S.M.A.R.T. - Wikipedia},
 url = {https://en.wikipedia.org/wiki/S.M.A.R.T.},
 urldate = {2022-06-09}
}
@Misc{clonezilla,
 title = {[Электронный ресурс] Clonezilla - About},
 url = {https://clonezilla.org},
 urldate = {2022-06-09}
}
@Misc{nativDev,
 title = {[Электронный ресурс] Native Mobile App Development - What is it? Pros and Cons},
 url = {https://mdevelopers.com/blog/what-is-a-native-mobile-app-development-},
 urldate = {2022-06-09}
}
@Misc{crosDev,
 title = {[Электронный ресурс] Flutter vs React Native 2022: A Detailed Comparison - Hackr.io},
 url = {https://hackr.io/blog/react-native-vs-flutter},
 urldate = {2022-06-09}
}
@Misc{mvc,
 title = {[Электронный ресурс] Overview of ASP.NET Core MVC},
 url = {https://docs.microsoft.com/en-us/aspnet/core/mvc/overview?WT.mc_id=dotnet-35129-website&view=aspnetcore-6.0},
 urldate = {2022-06-09}
}
@Misc{flutter,
 title = {[Электронный ресурс] Flutter documentation | Flutter},
 url = {https://docs.flutter.dev/},
 urldate = {2022-06-09}
}
@Misc{bloc,
 title = {[Электронный ресурс] Bloc State Management Library},
 url = {https://bloclibrary.dev/},
 urldate = {2022-06-09}
}
@Misc{riverpod,
 title = {[Электронный ресурс] Riverpod},
 url = {https://riverpod.dev/},
 urldate = {2022-06-09}
}
@Misc{react,
 title = {[Электронный ресурс] React Native · Learn once, write anywhere},
 url = {https://reactnative.dev},
 urldate = {2022-06-09}
}
@Book{mentalMath,
  author    = {A. Benjamin, M. Shermer},
  title     = {Secrets of Mental Math: The Mathemagician's Guide to Lightning Calculation and Amazing Math Tricks},
  year      = {206},
  publisher = {Crown},
  isbn      = {9780307338402},
  url       = {https://www.amazon.com/Secrets-Mental-Math-Mathemagicians-Calculation/dp/0307338401/ref=tmm_pap_swatch_0?_encoding=UTF8&qid=&sr=},
}
@Book{schildt2014java,
  author    = {Schildt, H.},
  title     = {Java: A Beginner's Guide, Sixth Edition (INKLING CH)},
  year      = {2014},
  series    = {Beginner's Guide},
  publisher = {McGraw-Hill Education},
  isbn      = {9780071809269},
  url       = {https://books.google.ru/books?id=6jYiAwAAQBAJ},
}

@Misc{wikiRUSQLite,
 title = {[Электронный ресурс] SQLite — Википедия},
 url = {https://ru.wikipedia.org/wiki/SQLite},
 urldate = {2020-03-28}
}
@Comment{jabref-meta: databaseType:biblatex;}
